@article{Abrate13,
  title   = {Periodic representations and rational approximations of square roots},
  author  = {Abrate, M. and Barbero, S. and Cerruti, U. and Murru, N.},
  journal = {Journal of Approximation Theory},
  volume  = {175},
  pages   = {83--90},
  year    = {2013}
}

@article{Abrate12,
  title   = {Periodic representations for cubic irrationalities},
  author  = {Abrate, M. and Barbero, S. and Cerruti, U. and Murru, N.},
  journal = {The Fibonacci Quarterly},
  volume  = {50},
  number  = {3},
  pages   = {252--264},
  year    = {2012}
}

% Application of lattice basis reduction
@inproceedings{Ajtai96,
  title     = {Generating hard instances of lattice problems},
  author    = {Ajtai, Mikl{\'o}s},
  booktitle = {Proceedings of the twenty-eighth annual ACM symposium on Theory of computing},
  pages     = {99--108},
  year      = {1996}
}

% Initial attempt for a generalization of Klein polygons
@article{Arnold98,
  title   = {Higher dimensional continued fractions},
  author  = {Arnol'd, Vladimir Igorevich},
  journal = {Regular and chaotic dynamics},
  volume  = {3},
  number  = {3},
  pages   = {10--17},
  year    = {1998},
}

@article{Assaf05,
  title   = {A dual approach to triangle sequences: a multidimensional continued fraction algorithm},
  author  = {Assaf, S. and Chen, L. C. and Cheslack–Postava, T. and Cooper, B. and Diesl, A. and Garrity, T. and Lepinski, M. and Schuyler, A.},
  journal = {Integers: Electronic Journal of Combinatorial Number Theory},
  volume  = {5},
  pages   = {A08},
  year    = {2005}
}

% A different attempt at finding a representation of the cubic irrationals
@article{Beaver04,
  title     = {A two-dimensional Minkowski?(x) function},
  author    = {Beaver, Olga R and Garrity, Thomas},
  journal   = {Journal of Number Theory},
  volume    = {107},
  number    = {1},
  pages     = {105--134},
  year      = {2004},
  publisher = {Elsevier}
}

@article{Barbero10A,
  title   = {Solving the Pell equation via Rédei rational functions},
  author  = {Barbero, S. and Cerruti, U. and Murru, N.},
  journal = {The Fibonacci Quarterly},
  volume  = {48},
  pages   = {348--357},
  year    = {2010}
}

@article{Barbero10B,
  title   = {Transforming recurrent sequences by using the Binomial and Invert operators},
  author  = {Barbero, S. and Cerruti, U. and Murru, N.},
  journal = {Journal of Integer Sequences},
  volume  = {13},
  pages   = {Article 10.7.7},
  year    = {2010}
}

@article{Bernstein64A,
  title   = {Periodical continued fractions for irrationals n by Jacobi’s algorithm},
  author  = {Bernstein, L.},
  journal = {J. Reine Angew. Math.},
  volume  = {213},
  pages   = {31--38},
  year    = {1964}
}

@article{Bernstein64B,
  title   = {Periodicity of Jacobi’s Algorithm for a special type of cubic irrationals},
  author  = {Bernstein, Leon},
  journal = {Journal f{\"u}r die reine und angewandte Mathematik},
  volume  = {213},
  pages   = {137--147},
  year    = {1964}
}

@article{Bernstein65,
  title   = {New infinite classes of periodic Jacobi–Perron algorithms},
  author  = {Bernstein, Leon},
  journal = {Pacific Journal of Mathematics},
  volume  = {16},
  number  = {3},
  pages   = {439--469},
  year    = {1965}
}

@book{Brentjes81,
  title     = {Multi–dimensional continued fraction algorithms},
  author    = {Brentjes, A. J.},
  publisher = {Mathematical Centre Tracts, Amsterdam},
  year      = {1981}
}

@article{Bryuno97,
  title   = {Comparison of various generalizations of continued fractions},
  author  = {Bryuno, A. D. and Parusnikov, V. I.},
  journal = {Mathematical Notes},
  volume  = {61},
  number  = {3},
  pages   = {278--286},
  year    = {1997}
}

% Good overview for the Jacobi-Perron algorithm
@book{Bernstein71,
  title     = {The Jacobi-Perron algorithm: Its theory and application},
  author    = {Bernstein, Leon},
  year      = {1971},
  series    = {Lecture Notes in Mathematics},
  publisher = {Springer},
}

% A periodic case for the Jacobi-Perron algorithm
@article{Bernstein64,
  title     = {Periodical Continued Fractions for Irrationals of Degree n by Jacobi's Algorithm.},
  author    = {Bernstein, Leon},
  year      = {1964},
  publisher = {Walter de Gruyter, Berlin/New York Berlin, New York}
}

% Simultaneous Diophantine Approximation based on the LLL algorithm
@article{Bosma13,
  title     = {Finding simultaneous Diophantine approximations with prescribed quality},
  author    = {Bosma, Wieb and Smeets, Ionica},
  journal   = {The Open Book Series},
  volume    = {1},
  number    = {1},
  pages     = {167--185},
  year      = {2013},
  publisher = {Mathematical Sciences Publishers}
}

@misc{Dasaratha13,
  title  = {Cubic irrationals and periodicity via a family of multi–dimensional continued fraction algorithms},
  author = {Dasaratha, K. and Flapan, L. and Garrity, T. and Lee, C. and Mihaila, C. and Neumann-Chun, N. and Peluse, S. and Stoffregen, M.},
  note   = {\url{http://arxiv.org/abs/1208.4244v2}},
  year   = {2013}
}

@article{Daus22,
  title   = {Normal ternary continued fraction expansions for the cube roots of integers},
  author  = {Daus, P. H.},
  journal = {American Journal of Mathematics},
  volume  = {44},
  number  = {4},
  pages   = {279--296},
  year    = {1922}
}

% Reference for Algebra and Algebraic Number Theory
@book{Dummit04,
  title     = {Abstract Algebra},
  author    = {Dummit, David S. and Foote, Richard M.},
  year      = {2004},
  edition   = {3rd},
  publisher = {Prentice Hall},
  address   = {Upper Saddle River, NJ}
}

% Computational evidence that the Jacobi-Perron algorithm might not be periodic
@article{Elsner67,
  author    = {L. Elsner and H. Hasse},
  title     = {Numerische Ergebnisse zum JACOBIschen Kettenbruchalgorithmus in rein-kubischen Zahlkörpern},
  journal   = {Mathematische Nachrichten},
  year      = {1967},
  volume    = {34},
  number    = {1-2},
  pages     = {95--97},
}

% Another (questionable) application of lattice basis reduction
@inproceedings{Gentry08,
  title     = {Trapdoors for hard lattices and new cryptographic constructions},
  author    = {Gentry, Craig and Peikert, Chris and Vaikuntanathan, Vinod},
  booktitle = {Proceedings of the fortieth annual ACM symposium on Theory of computing},
  pages     = {197--206},
  year      = {2008}
}

% Generalization of Lagrange's theorem using Klein polyhedron (very complicated)
@misc{German08,
  title         = {On multidimensional generalization of the Lagrange theorem on continued fractions},
  author        = {Oleg N. German and Evgeniy L. Lakshtanov},
  year          = {2008},
  eprint        = {math/0607084},
  archivePrefix = {arXiv},
  primaryClass  = {math.NT},
  url           = {https://arxiv.org/abs/math/0607084},
}

@article{Garrity01,
  title   = {On periodic sequences for algebraic numbers},
  author  = {Garrity, T.},
  journal = {Journal of Number Theory},
  volume  = {88},
  pages   = {86--103},
  year    = {2001}
}

% Bifurcating continued fractions 
@misc{Gupta00,
  title         = {Bifurcating Continued Fractions},
  author        = {Ashok Kumar Gupta and Ashok Kumar Mittal},
  year          = {2000},
  eprint        = {math/0002227},
  archivePrefix = {arXiv},
  primaryClass  = {math.GM},
  url           = {https://arxiv.org/abs/math/0002227},
}

@article{Hendy81,
  title   = {The Jacobi–Perron algorithm in integer form},
  author  = {Hendy, M. D. and Jeans, N. S.},
  journal = {Mathematics of Computation},
  volume  = {36},
  number  = {154},
  pages   = {565--574},
  year    = {1981}
}

% Hermite's question
@article{Hermite50,
  title   = {Extraits de lettres de M. Ch. Hermite {\`a} M. Jacobi sur diff{\'e}rrents objects de la th{\'e}orie des nombres.},
  author  = {Hermite, Charles},
  journal = {Journal f{\"u}r die reine und angewandte Mathematik},
  volume  = {40},
  pages   = {279--315},
  year    = {1850},
}

% Jacobi's initial attempt at finding a representation of cubic irrationals.
@article{Jacobi68,
  title   = {Allgemeine Theorie der kettenbruch{\"a}hnlichen Algorithmen, in welchen jede Zahl aus drei vorhergehenden gebildet wird.},
  author  = {Jacobi, Carl Gustav Jacob},
  journal = {Journal f{\"u}r die reine und angewandte Mathematik},
  volume  = {69},
  pages   = {29--64},
  year    = {1868}
}

% More examples of periodic JPA roots
@article{Kala25,
   title     = {Arithmetic of cubic number fields: Jacobi–Perron, Pythagoras, and indecomposables},
   volume    = {273},
   ISSN      = {0022-314X},
   url       = {http://dx.doi.org/10.1016/j.jnt.2024.12.001},
   DOI       = {10.1016/j.jnt.2024.12.001},
   journal   = {Journal of Number Theory},
   publisher = {Elsevier BV},
   author    = {Kala, Vítězslav and Sgallová, Ester and Tinková, Magdaléna},
   year      = {2025},
   month     = aug,
   pages     = {37–95}
}

% Method for defining Fibonacci numbers using a matrix
@article{Kalman82,
  title     = {Generalized Fibonacci numbers by matrix methods},
  author    = {Kalman, Dan},
  journal   = {The Fibonacci Quarterly},
  volume    = {20},
  number    = {1},
  pages     = {73--76},
  year      = {1982},
  publisher = {Taylor \& Francis}
}

@article{Karpenkov09,
  title   = {Constructing multidimensional periodic continued fractions in the sense of Klein},
  author  = {Karpenkov, O. N.},
  journal = {Mathematics of Computation},
  volume  = {78},
  number  = {267},
  pages   = {1687--1711},
  year    = {2009}
}

@book{Karpenkov13,
  title     = {Geometry of continued fractions},
  author    = {Karpenkov, O. N.},
  series    = {Algorithms and Computation in Mathematics},
  volume    = {26},
  publisher = {Springer-Verlag, Heidelberg},
  year      = {2013}
}

% Possible algorithm which is periodic for cubic irrationals
@misc{Karpenkov21,
  title         = {On Hermite's problem, Jacobi-Perron type algorithms, and Dirichlet groups},
  author        = {Oleg Karpenkov},
  year          = {2021},
  eprint        = {2101.12707},
  archivePrefix = {arXiv},
  primaryClass  = {math.NT},
  url           = {https://arxiv.org/abs/2101.12707},
}

% Proof of the sin^2 algorithm which is periodic for totally real cubic irrationals
@article{Karpenkov24,
  title     = {On a periodic Jacobi--Perron type algorithm},
  author    = {Karpenkov, Oleg},
  journal   = {Monatshefte f{\"u}r Mathematik},
  volume    = {205},
  number    = {3},
  pages     = {531--601},
  year      = {2024},
  publisher = {Springer}
}

% Geometric interpretation of the continued fraction
@article{Klein95,
  title   = {Über eine Geometrische Auffassung der Gewöhnlichen Kettenbruchentwicklung},
  author  = {Klein, Felix},
  volume  = {1},
  pages   = {357--359},
  journal = {Nachrichten von der Gesellschaft der Wissenschaften zu Göttingen},
  year    = {1895},
}

% More detailed information about the geometric interpretation of the continued
% fraction
@book{Klein96,
  title     = {Ausgew{\"a}hlte Kapitel der Zahlentheorie: Vorlesung, gehalten im Wintersemester 1895/96 und Sommersemester 1896},
  author    = {Klein, Felix},
  volume    = {1},
  year      = {1896},
  publisher = {A. Sommerfeld}
}

% Generalized Euclidean algorithm
@misc{Klein24,
  title         = {Faster Lattice Basis Computation via a Natural Generalization of the Euclidean Algorithm},
  author        = {Kim-Manuel Klein and Janina Reuter},
  year          = {2024},
  eprint        = {2408.06685},
  archivePrefix = {arXiv},
  primaryClass  = {cs.DS},
  url           = {https://arxiv.org/abs/2408.06685},
}

% Proof of periodicity
@article{Korkina96,
  title     = {The simplest 2-dimensional continued fraction},
  author    = {Korkina, E. I.},
  journal   = {Journal of Mathematical Sciences},
  volume    = {82},
  number    = {5},
  pages     = {3680--3685},
  year      = {1996},
  publisher = {Springer}
}

% Proof that quadratic irrationals have periodic continued fractions
@article{Lagrange70,
  title   = {Additions au m{\'e}moire sur la r{\'e}solution des {\'e}quations num{\'e}riques},
  author  = {Lagrange, Joseph-Louis},
  journal = {M{\'e}m. Berl},
  volume  = {24},
  year    = {1770}
}

% Proof for the complexity of the  Euclidean algorithm using Fibonacci numbers
@book{Lame44,
  title     = {Note sur la limite du nombre des divisions dans la recherche du plus grand commun diviseur entre deux nombres entier},
  author    = {Lam{\'e}, Gabriel},
  year      = {1844},
  publisher = {Bachelier}
}

@book{Lidl93,
  title     = {Dickson polynomials},
  author    = {Lidl, R. and Mullen, G. L. and Turnwald, G.},
  series    = {Pitman Monographs and Surveys in Pure and Applied Mathematics},
  volume    = {65},
  publisher = {Longman},
  year      = {1993}
}

@article{Lehmer18,
  title   = {On Jacobi’s extension of the continued fraction algorithm},
  author  = {Lehmer, D. N.},
  journal = {National Academy of Sciences},
  volume  = {4},
  number  = {12},
  pages   = {360--364},
  year    = {1918}
}

% LLL algorithm, which can be used for lattice basis reduction
@article{Lenstra82,
  title     = {Factoring polynomials with rational coefficients},
  author    = {Lenstra, Arjen K and Lenstra, Hendrik Willem and Lov{\'a}sz, L{\'a}szl{\'o}},
  year      = {1982},
  publisher = {Springer Verlag}
}

@article{Lenstra93,
  title   = {Continued fractions and linear recurrences},
  author  = {Lenstra, H. W. and Shallit, J. O.},
  journal = {Mathematics of Computation},
  volume  = {61},
  number  = {203},
  pages   = {351--354},
  year    = {1993}
}

@inproceedings{LiS22,
  author       = {Haomin Li and
    Arne Storjohann},
  title        = {Computing a Basis for an Integer Lattice: {A} Special Case},
  booktitle    = {{ISSAC}},
  pages        = {303--310},
  publisher    = {{ACM}},
  year         = {2022}
}

@article{Martin04,
  title   = {The unreasonable effectualness of continued function expansions},
  author  = {Martin, G.},
  journal = {Journal of the Australian Mathematical Society},
  volume  = {77},
  pages   = {305--319},
  year    = {2004}
}

% Lecture notes for lattice theory
@inbook{Matousek2002,
  author    = {Matou{\v{s}}ek, Ji{\v{r}}{\'i}},
  title     = {Convexity},
  bookTitle = {Lectures on Discrete Geometry},
  year      = {2002},
  publisher = {Springer New York},
  address   = {New York, NY},
  pages     = {1--16},
  isbn      = {978-1-4613-0039-7},
  doi       = {10.1007/978-1-4613-0039-7_1},
  url       = {https://doi.org/10.1007/978-1-4613-0039-7_1}
}

% Book on lattice theory
@book{Micciancio02,
  author    = {Daniele Micciancio and Shafi Goldwasser},
  title     = {Complexity of Lattice Problems: a cryptographic perspective},
  publisher = {Kluwer Academic Publishers},
  series    = {The Kluwer International Series in Engineering and Computer Science},  
  year      = {2002},
  volume    = {671},
  address   = {Boston, Massachusetts},
}

% First paper on n-bonacci
@article{Miles60,
 author    = {E. P. Miles},
 journal   = {The American Mathematical Monthly},
 number    = {8},
 pages     = {745--752},
 publisher = {[Taylor \& Francis, Ltd., Mathematical Association of America]},
 title     = {Generalized Fibonacci Numbers and Associated Matrices},
 volume    = {67},
 year      = {1960}
}

% Periodic representation for all cubic irrationals, but not a representation for all real numbers
@article{Murru15,
  title     = {On the periodic writing of cubic irrationals and a generalization of R{\'e}dei functions},
  author    = {Murru, Nadir},
  journal   = {International Journal of Number Theory},
  volume    = {11},
  number    = {03},
  pages     = {779--799},
  year      = {2015},
  publisher = {World Scientific}
}

@article{Nobauer84,
  title   = {Cryptanalysis of the Rédei scheme},
  author  = {Nobauer, R.},
  journal = {Contributions to General Algebra},
  volume  = {3},
  pages   = {255--264},
  year    = {1984}
}

@article{Northshield11,
  journal   = {The American Mathematical Monthly},
  author    = {Sam Northshield},
  number    = {2},
  pages     = {pp. 171--175},
  publisher = {Taylor & Francis, Ltd., Mathematical Association of America},
  title     = {A Short Proof and Generalization of Lagrange’s Theorem on Continued Fractions},
  volume    = {118},
  year      = {2011}
}

% (Supposed) introduction of the Modified Jacobi-Perron Algorithm
@article{Podsypanin77,
  title   = {A generalization of the continued fraction algorithm that is related to the Viggo Brun algorithm},
  author  = {Podsypanin, EV},
  journal = {Studies in number theory (LOMI)},
  volume  = {4},
  pages   = {184--194},
  year    = {1977}
}

% Generalization of Jacobi's algorithm.
@article{Perron07,
  title     = {Grundlagen f{\"u}r eine Theorie des Jacobischen Kettenbruchalgorithmus},
  author    = {Perron, Oskar},
  journal   = {Mathematische Annalen},
  volume    = {64},
  number    = {1},
  pages     = {1--76},
  year      = {1907},
  publisher = {Springer}
}

% Also letter from Hermite
@article{Picard01,
  title   = {L'{\oe}uvre scientifique de Charles Hermite},
  journal = {Ann. Sci. {\'E}cole Norm. Sup.},
  volume  = {3},
  number  = {18},
  pages   = {9--34},
  year    = {1901},
}

% Another periodic case for the Jacobi-Perron algorithm
@article{Raju76,
  title     = {Periodic Jacobi-Perron algorithms and fundamental units},
  author    = {Raju, Nambury},
  journal   = {Pacific Journal of Mathematics},
  volume    = {64},
  number    = {1},
  pages     = {241--251},
  year      = {1976},
  publisher = {Mathematical Sciences Publishers}
}

@article{Redei46,
  title   = {{\"U}ber eindeutig umkehrbare Polynome in endlichen K{\"o}rpern},
  author  = {Rédei, L.},
  journal = {Acta Sci. Math. (Szeged)},
  volume  = {11},
  pages   = {85--92},
  year    = {1946}
}

% Lecture notes for lattices
@misc{Rothvoss23,
  author       = {Thomas Rothvoss},
  title        = {Lattices - CSE 599S Lecture Notes},
  year         = {2023},
  note         = {Accessed on June 1, 2025},
  howpublished = {\url{https://sites.math.washington.edu/~rothvoss/599-winter-2023/lattices.pdf}},
}

@manual{Sage25,
  Key          = {SageMath},
  Author       = {{The Sage Developers}},
  Title        = {{S}ageMath, the {S}age {M}athematics {S}oftware {S}ystem ({V}ersion 10.6)},
  note         = {{\tt https://www.sagemath.org}},
  Year         = {2025},
}

% Simultaneous diophantine approximation
@book{Schmidt80,
  title     = {Diophantine Approximation},
  author    = {Schmidt, M. Wolfgang},
  publisher = {Springer Berlin Heidelberg},
  series    = {Lecture notes in mathematics},
  year      = {1980},
  address   = {Berlin, Heidelberg}
}

% Fastest algorithm for computing GCD
@article{Schoenhage71,
  title     = {Schnelle Berechnung von Kettenbruchentwicklungen},
  journal   = {Acta Informatica},
  author    = {Sch{\"o}nhage, Arnold},
  volume    = {1},
  pages     = {139--144},
  year      = {1971},
  publisher = {Springer},
}

% Previously best algorithm for computing a lattice basis
@article{Storjohann96,
  title     = {Asymptotically Fast Computation of Hermite Normal Forms of Integer Matrices},
  journal   = {ISSAC},
  pages     = {259--266},
  year      = {1996},
  publisher = {ACM},
}

@book{Schweiger73,
  title     = {The metrical theory of Jacobi--Perron algorithm},
  author    = {Schweiger, Fritz},
  series    = {Lecture Notes in Mathematics},
  volume    = {334},
  publisher = {Springer-Verlag},
  year      = {1973}
}

@article{Schweiger95,
  author    = {F. Schweiger},
  title     = {Fully subtractive algorithms},
  journal   = {{\"O}sterreich. Akad. Wiss. Math.-Natur. Kl. Sitzungsber. II},
  volume    = {204},
  pages     = {23--32},
  year      = {1995},
  note      = {Published 1996}
}

% General overview of all kinds of multidimensional continued fractions
@book{Schweiger00,
  title     = {Multidimensional continued fractions},
  author    = {Schweiger, Fritz},
  publisher = {Oxford University Press},
  year      = {2000}
}

@article{Schweiger04,
  title   = {Ergodic and Diophantine properties of algorithms of Selmer type},
  author  = {Schweiger, Fritz},
  journal = {Acta Arithmetica},
  volume  = {114},
  number  = {2},
  pages   = {99--111},
  year    = {2004}
}

% Another example for a JPA-type algorithm
@article{Schweiger13,
  title     = {Brun meets Selmer},
  author    = {Schweiger, Fritz},
  journal   = {Integers},
  volume    = {2013},
  pages     = {237},
  year      = {2014},
  publisher = {Walter de Gruyter GmbH \& Co KG}
}

@incollection{Topuzoglu06,
  title     = {Topics in Geometry, Coding Theory and Cryptography},
  author    = {Topuzoglu, A. and Winterhof, A.},
  booktitle = {Algebra and Applications},
  volume    = {6},
  pages     = {135--166},
  year      = {2006}
}

% Best strategy so far
@article{Tamura09,
  title   = {A new multidimensional continued fraction algorithm},
  author  = {Tamura, Jun-ichi and Yasutomi, Shin-ichi},
  journal = {Mathematics of computation},
  volume  = {78},
  number  = {268},
  pages   = {2209--2222},
  year    = {2009}
}

@article{Tamura11,
  title   = {A new algorithm of continued fractions related to algebraic number fields of degree ≤ 5},
  author  = {Tamura, J. and Yasutomi, S.},
  journal = {Integers},
  volume  = {11B},
  pages   = {A16},
  year    = {2011}
}

@misc{VanFrankenhuijsen23,
  title         = {A note on the quality of simultaneous Diophantine approximations obtained by the LLL algorithm},
  author        = {Machiel van Frankenhuijsen and Edward K. Voskanian},
  year          = {2023},
  eprint        = {2310.01561},
  archivePrefix = {arXiv},
  primaryClass  = {math.NT},
  url           = {https://arxiv.org/abs/2310.01561},
}

% Equivalent geometrical description for the Jacobi-Perron algorithm
@article{Vaughan77,
  title   = {A note on the Jacobi–Perron algorithm},
  author  = {Vaughan, T. P.},
  journal = {Pacific Journal of Mathematics},
  volume  = {72},
  number  = {1},
  pages   = {261--271},
  year    = {1977}
}

@article{Williams84,
  title   = {An analogue of the nearest integer continued fraction for certain cubic irrationalities},
  author  = {Williams, H. C. and Dueck, G. W.},
  journal = {Mathematics of Computation},
  volume  = {42},
  number  = {166},
  pages   = {683--705},
  year    = {1984}
}

@article{Witula07,
  title   = {New Ramanujan--Type Formulas and Quasi--Fibonacci Numbers of Order 7},
  author  = {Witula, R. and Slota, D.},
  journal = {Journal of Integer Sequences},
  volume  = {10},
  pages   = {Article 07.5.6},
  year    = {2007}
}

% Application of n-bonacci
@article{Philippou82,
  author    = {A. N. Philippou and A. A. Muwafi},
  title     = {Waiting for the Kth Consecutive Success and the Fibonacci Sequence of Order K},
  journal   = {The Fibonacci Quarterly},
  volume    = {20},
  year      = {1982},
  pages     = {28--32}
}

@article{Raab63,
  author    = {J. A. Raab},
  title     = {A Generalization of the Connection Between the Fibonacci Sequence and Pascal’s Triangle},
  journal   = {The Fibonacci Quarterly},
  volume    = {2},
  year      = {1963},
  pages     = {21--31}
}

@article{Schlegel94,
  author    = {V. Schlegel},
  title     = {El Progresso},
  journal   = {Matematico},
  volume    = {4},
  year      = {1894},
  pages     = {173--174}
}

% Another Jacobi-Perron type algorithm
@article{Brun19,
  author    = {V. Brun},
  title     = {Algorithmes euclidiens pour trois et quatre nombres},
  journal   = {Archiv for Mathematik og Naturvidenskab},
  volume    = {34},
  year      = {1919},
  pages     = {3--70}
}

% Another example of a Jacobi-Perron type algorithm
@article{Selmer67,
  author    = {E. Selmer},
  title     = {Multidimensional continued fractions},
  journal   = {Mathematica Scandinavica},
  volume    = {21},
  year      = {1967},
  pages     = {30--41}
}
